<?xml version="1.0" encoding="UTF-8"?>
<record xmlns="http://www.loc.gov/MARC21/slim">
   <leader>01148cam a2200229 a 4500</leader>
   <controlfield tag="001">836337</controlfield>
   <controlfield tag="003">NjP</controlfield>
   <controlfield tag="005">20170619131221.0</controlfield>
   <controlfield tag="008">930921s1895    ua            00010 ara d</controlfield>
   <datafield tag="024" ind1="7" ind2=" ">
      <subfield code="a">princeton_aco004646</subfield>
      <subfield code="2">local</subfield>
   </datafield>
   <datafield ind1=" " ind2=" " tag="035">
      <subfield code="a">(OCoLC)28930947</subfield>
   </datafield>
   <datafield ind1=" " ind2=" " tag="035">
      <subfield code="a">(CStRLIN)NJPG93-B51318</subfield>
   </datafield>
   <datafield ind1=" " ind2=" " tag="035">
      <subfield code="9">AEE4270TS</subfield>
   </datafield>
   <datafield ind1=" " ind2=" " tag="040">
      <subfield code="a">NjP</subfield>
      <subfield code="c">NjP</subfield>
   </datafield>
   <datafield ind1="1" ind2=" " tag="100">
      <subfield code="a">Qādī, ʻAbd al-Raḥīm ibn Aḥmad.</subfield>
   </datafield>
   <datafield ind1="1" ind2="0" tag="245">
      <subfield code="a">Daqāʾiq al-akhbār fī dhikr al-jannah wa-al-nār /</subfield>
      <subfield code="c">li-ʻAbd al-Raḥīm ibn Aḥmad al-Qādī. Wa-bi-hāmishih, Kitāb al-durar al-ḥisān fī al-baʻth wa-naʻīm al-jinān / lil-Suyūṭī.</subfield>
   </datafield>
   <datafield ind1=" " ind2=" " tag="260">
      <subfield code="a">Miṣr :</subfield>
      <subfield code="b">al-Maṭbaʻah al-ʻĀmirah al-ʻUthmānīyah,</subfield>
      <subfield code="c">1313 [1895 or 1896]</subfield>
   </datafield>
   <datafield ind1=" " ind2=" " tag="300">
      <subfield code="a">40 p. ;</subfield>
      <subfield code="c">28 cm.</subfield>
   </datafield>
   <datafield ind1=" " ind2=" " tag="533">
      <subfield code="a">Photocopy.</subfield>
      <subfield code="b">[Princeton, NJ :</subfield>
      <subfield code="c">Princeton University Photo Services,</subfield>
      <subfield code="d">1987.</subfield>
   </datafield>
   <datafield ind1=" " ind2="0" tag="650">
      <subfield code="a">Islamic eschatology</subfield>
      <subfield code="x">Early works to 1800.</subfield>
      <subfield code="0">http://id.loc.gov/authorities/subjects/sh2008119864</subfield>
   </datafield>
   <datafield ind1="0" ind2="2" tag="700">
      <subfield code="a">Suyūṭī,</subfield>
      <subfield code="d">1445-1505.</subfield>
      <subfield code="t">Durar al-ḥisān fī al-baʻth wa-naʻīm al-jinān.</subfield>
      <subfield code="f">1886.</subfield>
      <subfield code="0">http://id.loc.gov/authorities/names/n80081636</subfield>
   </datafield>
   <datafield ind1=" " ind2=" " tag="998">
      <subfield code="a">09/21/93</subfield>
      <subfield code="s">9114</subfield>
      <subfield code="n">NjP</subfield>
      <subfield code="d">09/21/93</subfield>
      <subfield code="c">JAB</subfield>
      <subfield code="b">JAB</subfield>
      <subfield code="i">930921</subfield>
      <subfield code="l">NJPG</subfield>
   </datafield>
   <datafield ind1=" " ind2=" " tag="911">
      <subfield code="a">19930930</subfield>
   </datafield>
   <datafield ind1=" " ind2=" " tag="912">
      <subfield code="a">19930921000000.0</subfield>
   </datafield>
   <datafield ind1="8" ind2="0" tag="852">
      <subfield code="0">952291</subfield>
      <subfield code="b">rcppa</subfield>
      <subfield code="t">1</subfield>
      <subfield code="h">2272.7545.328 1895</subfield>
      <subfield code="x">tr fr anxa</subfield>
   </datafield>
   <datafield ind1=" " ind2=" " tag="959">
      <subfield code="a">2000-06-13 00:00:00 -0500</subfield>
   </datafield>
</record>
